@phdthesis{xiyang,
  author = {习扬},
  title  = {基于在线评价和消费者期望的产品推荐排序方法研究},
  school = {东北大学},
  year   = {2018}
}
@article{kai1979prospect,
  title   = {Prospect theory: An analysis of decision under risk},
  author  = {Kai-Ineman, DANIEL and Tversky, Amos},
  journal = {Econometrica},
  volume  = {47},
  number  = {2},
  pages   = {363--391},
  year    = {1979}
}
@article{tversky1992advances,
  title     = {Advances in prospect theory: Cumulative representation of uncertainty},
  author    = {Tversky, Amos and Kahneman, Daniel},
  journal   = {Journal of Risk and Uncertainty},
  volume    = {5},
  pages     = {297--323},
  year      = {1992},
  publisher = {Springer}
}

@inproceedings{ongaro2014search,
  title     = {In search of an understandable consensus algorithm},
  author    = {Ongaro, Diego and Ousterhout, John},
  booktitle = {2014 USENIX annual technical conference (USENIX ATC 14)},
  pages     = {305--319},
  year      = {2014}
}

@article{TLAA202502013,
  author  = { 吉耀莉 and  郭红 },
  title   = {基于动态心跳机制的Raft算法优化},
  journal = {智能物联技术},
  volume  = {57},
  number  = {02},
  pages   = {65-68},
  year    = {2025},
  issn    = {2096-6059},
  doi     = {10.26921/j.cnki.2096-6059.2025.02.014}
}

@online{ongaro2014raft,
  author = {Diego Ongaro and John Ousterhout},
  title  = {The Raft Consensus Algorithm},
  year   = {2014},
  url    = {https://raft.github.io/},
  note   = {Accessed: 2025-05-26},
  langid = {english}
}